@Manual{R-base,
  title = {R: A Language and Environment for Statistical Computing},
  author = {{R Core Team}},
  organization = {R Foundation for Statistical Computing},
  address = {Vienna, Austria},
  year = {2020},
  url = {https://www.R-project.org/},
}
@Manual{R-dplyr,
  title = {dplyr: A Grammar of Data Manipulation},
  author = {Hadley Wickham and Romain François and Lionel {
             Henry} and Kirill Müller},
  year = {2020},
  note = {R package version 1.0.2},
  url = {https://CRAN.R-project.org/package=dplyr},
}
@Manual{R-forcats,
  title = {forcats: Tools for Working with Categorical Variables (Factors)},
  author = {Hadley Wickham},
  year = {2020},
  note = {R package version 0.5.0},
  url = {https://CRAN.R-project.org/package=forcats},
}
@Book{R-ggplot2,
  author = {Hadley Wickham},
  title = {ggplot2: Elegant Graphics for Data Analysis},
  publisher = {Springer-Verlag New York},
  year = {2016},
  isbn = {978-3-319-24277-4},
  url = {https://ggplot2.tidyverse.org},
}
@Manual{R-papaja,
  author = {Frederik Aust and Marius Barth},
  title = {{papaja}: {Create} {APA} manuscripts with {R Markdown}},
  year = {2020},
  note = {R package version 0.1.0.9997},
  url = {https://github.com/crsh/papaja},
}
@Manual{R-purrr,
  title = {purrr: Functional Programming Tools},
  author = {Lionel Henry and Hadley Wickham},
  year = {2020},
  note = {R package version 0.3.4},
  url = {https://CRAN.R-project.org/package=purrr},
}
@Manual{R-readr,
  title = {readr: Read Rectangular Text Data},
  author = {Hadley Wickham and Jim Hester and Romain Francois},
  year = {2018},
  note = {R package version 1.3.1},
  url = {https://CRAN.R-project.org/package=readr},
}
@Manual{R-stringr,
  title = {stringr: Simple, Consistent Wrappers for Common String Operations},
  author = {Hadley Wickham},
  year = {2019},
  note = {R package version 1.4.0},
  url = {https://CRAN.R-project.org/package=stringr},
}
@Manual{R-tibble,
  title = {tibble: Simple Data Frames},
  author = {Kirill Müller and Hadley Wickham},
  year = {2020},
  note = {R package version 3.0.4},
  url = {https://CRAN.R-project.org/package=tibble},
}
@Manual{R-tidyr,
  title = {tidyr: Tidy Messy Data},
  author = {Hadley Wickham},
  year = {2020},
  note = {R package version 1.1.2},
  url = {https://CRAN.R-project.org/package=tidyr},
}
@Article{R-tidyverse,
  title = {Welcome to the {tidyverse}},
  author = {Hadley Wickham and Mara Averick and Jennifer Bryan and Winston Chang and Lucy D'Agostino McGowan and Romain François and Garrett Grolemund and Alex Hayes and Lionel Henry and Jim Hester and Max Kuhn and Thomas Lin Pedersen and Evan Miller and Stephan Milton Bache and Kirill Müller and Jeroen Ooms and David Robinson and Dana Paige Seidel and Vitalie Spinu and Kohske Takahashi and Davis Vaughan and Claus Wilke and Kara Woo and Hiroaki Yutani},
  year = {2019},
  journal = {Journal of Open Source Software},
  volume = {4},
  number = {43},
  pages = {1686},
  doi = {10.21105/joss.01686},
}
@Manual{R-here,
  title = {here: A Simpler Way to Find Your Files},
  author = {Kirill Müller},
  year = {2017},
  note = {R package version 0.1},
  url = {https://CRAN.R-project.org/package=here},
}
@Manual{R-janitor,
  title = {janitor: Simple Tools for Examining and Cleaning Dirty Data},
  author = {Sam Firke},
  year = {2020},
  note = {R package version 2.0.1},
  url = {https://CRAN.R-project.org/package=janitor},
}
@Manual{R-rio,
  title = {rio: A Swiss-army knife for data file I/O},
  author = {Chung-hong Chan and Geoffrey CH Chan and Thomas J. Leeper and Jason Becker},
  year = {2018},
  note = {R package version 0.5.16},
}
@Book{R-knitr,
  title = {Dynamic Documents with {R} and knitr},
  author = {Yihui Xie},
  publisher = {Chapman and Hall/CRC},
  address = {Boca Raton, Florida},
  year = {2015},
  edition = {2nd},
  note = {ISBN 978-1498716963},
  url = {https://yihui.org/knitr/},
}
@Manual{R-kableExtra,
  title = {kableExtra: Construct Complex Table with 'kable' and Pipe Syntax},
  author = {Hao Zhu},
  year = {2020},
  note = {R package version 1.3.1},
  url = {https://CRAN.R-project.org/package=kableExtra},
}
@article{burke2015early,
  title={Early Identification of High School Graduation Outcomes in Oregon Leadership Network Schools},
  author={Burke, Arthur},
  journal={Regional Educational Laboratory Northwest},
  year={2015},
  publisher={ERIC}
}
@article{glatt2019identifying,
  title={Identifying the Consequences of Actions and Options and Dimension of Teachers' Ethical Sensitivity at Various School Levels: Implications on English Learner Student Achievements.},
  author={Glatt Yochai, Kim},
  journal={Journal for Leadership and Instruction},
  volume={18},
  number={1},
  pages={25--31},
  year={2019},
  publisher={ERIC}
}
@article{johnson2019effects,
  title={The effects of English learner classification on high school graduation and college attendance},
  author={Johnson, Angela},
  journal={AERA Open},
  volume={5},
  number={2},
  pages={2332858419850801},
  year={2019},
  publisher={SAGE Publications Sage CA: Los Angeles, CA}
}
@article{kemple2013building,
  title={Building on-track indicators for high school graduation and college readiness: Evidence from New York City},
  author={Kemple, James J and Segeritz, Micha D and Stephenson, Nickisha},
  journal={Journal of Education for Students Placed at Risk (JESPAR)},
  volume={18},
  number={1},
  pages={7--28},
  year={2013},
  publisher={Taylor \& Francis}
}
@article{kieffer2017graduation,
  title={Graduation Outcomes of Students Who Entered New York City Public Schools in Grade 5 or 6 as English Learner Students. REL 2017-237.},
  author={Kieffer, Michael J and Parker, Caroline E},
  journal={Regional Educational Laboratory Northeast \& Islands},
  year={2017},
  publisher={ERIC}
}
@article{mac2011challenge,
  title={The challenge of improving urban high school graduation outcomes: Findings from a randomized study of dropout prevention efforts},
  author={Mac Iver, Martha Abele},
  journal={Journal of Education for Students Placed at Risk (JESPAR)},
  volume={16},
  number={3},
  pages={167--184},
  year={2011},
  publisher={Taylor \& Francis}
}
@article{schifter2016using,
  title={Using survival analysis to understand graduation of students with disabilities},
  author={Schifter, Laura A},
  journal={Exceptional Children},
  volume={82},
  number={4},
  pages={479--496},
  year={2016},
  publisher={SAGE Publications Sage CA: Los Angeles, CA}
}
@article{holopainen2019longitudinal,
  title={Longitudinal Effects of Reading and/or Mathematical Difficulties: The Role of Special Education in Graduation From Upper Secondary Education},
  author={Holopainen, Leena and Hakkarainen, Airi},
  journal={Journal of learning disabilities},
  volume={52},
  number={6},
  pages={456--467},
  year={2019},
  publisher={SAGE Publications Sage CA: Los Angeles, CA}
}
@misc{Graduati54:online,
author = {{Disability Scoop}},
title = {Graduation Rate For Students With Disabilities Shows Improvement},
howpublished = {\url{https://www.disabilityscoop.com/2019/01/30/graduation-rate-shows-improvement/25962/#:~:text=For%20the%202016%2D2017%20school,that%20the%20rate%20has%20increased.}},
month = {January},
year = {2019},
note = {(Accessed on 12/03/2020)}
}
@misc{Table1Pu71:online,
author = {{National Center for Education Statistics}},
title = {Table 1. Public high school 4-year adjusted cohort graduation rate (ACGR), by race/ethnicity and selected demographic characteristics for the United States, the 50 states, and the District of Columbia: School year 2016–17},
howpublished = {\url{https://nces.ed.gov/ccd/tables/ACGR_RE_and_characteristics_2016-17.asp}},
month = {},
year = {},
note = {(Accessed on 12/03/2020)}
}
@misc{2005201053:online,
author = {{NYC Open Data}},
title = {2005-2010 Graduation Outcomes - By Borough},
howpublished = {\url{https://data.cityofnewyork.us/Education/2005-2010-Graduation-Outcomes-By-Borough/avir-tzek}},
month = {},
year = {2019},
note = {(Accessed on 12/03/2020)}
}
